@misc{state-of-octoverse-2021,
  title={State of the {Octoverse}},
  author={{GitHub}},
  year={2021},
  note={See \url{https://octoverse.github.com/\#top-languages-over-the-years}.}
}

@inproceedings{richards2011eval,
  title={The eval that men do},
  author={Richards, Gregor and Hammer, Christian and Burg, Brian and Vitek, Jan},
  booktitle={European Conference on Object-Oriented Programming},
  pages={52--78},
  year={2011},
  organization={Springer}
}

@inproceedings{rastogi2015safe,
  title={Safe \& efficient gradual typing for TypeScript},
  author={Rastogi, Aseem and Swamy, Nikhil and Fournet, C{\'e}dric and Bierman, Gavin and Vekris, Panagiotis},
  booktitle={Proceedings of the 42Nd Annual ACM SIGPLAN-SIGACT Symposium on Principles of Programming Languages},
  pages={167--180},
  year={2015}
}

@inproceedings{pacheco2007randoop,
  title={Randoop: feedback-directed random testing for Java},
  author={Pacheco, Carlos and Ernst, Michael D},
  booktitle={Companion to the 22nd ACM SIGPLAN conference on Object-oriented programming systems and applications companion},
  pages={815--816},
  year={2007}
}

@article{lambdatester,
    author = {Selakovic, Marija and Pradel, Michael and Karim, Rezwana and Tip, Frank},
    title = {Test Generation for Higher-Order Functions in Dynamic Languages},
    year = {2018},
    issue_date = {November 2018},
    publisher = {Association for Computing Machinery},
    address = {New York, NY, USA},
    volume = {2},
    number = {OOPSLA},
    url = {https://doi.org/10.1145/3276531},
    doi = {10.1145/3276531},
    journal = {Proc. ACM Program. Lang.},
    month = {oct},
    articleno = {161},
    numpages = {27},
    keywords = {Higher-order functions, JavaScript, differential testing, dynamic analysis}
}

@inproceedings{arteca2022nessie,
  title={Nessie: Automatically Testing JavaScript APIs with Asynchronous Callbacks},
  author={Arteca, Ellen and Harner, Sebastian and Pradel, Michael and Tip, Frank},
  year={2022},
  organization={ICSE}
}

@article{turcotte2020designing,
  title={Designing types for R, empirically},
  author={Turcotte, Alexi and Goel, Aviral and K{\v{r}}ikava, Filip and Vitek, Jan},
  journal={Proceedings of the ACM on Programming Languages},
  volume={4},
  number={OOPSLA},
  pages={1--25},
  year={2020},
  publisher={ACM New York, NY, USA}
}

@article{yang2022complex,
  title={Complex Python Features in the Wild},
  author={Yang, Yi and Milanova, Ana and Hirzel, Martin},
  year={2022},
  organization={MSR}
}

@InProceedings{morandat2012evaluating,
    author="Morandat, Flor{\'e}al
    and Hill, Brandon
    and Osvald, Leo
    and Vitek, Jan",
    editor="Noble, James",
    title="Evaluating the Design of the R Language",
    booktitle="ECOOP 2012 -- Object-Oriented Programming",
    year="2012",
    publisher="Springer Berlin Heidelberg",
    address="Berlin, Heidelberg",
    pages="104--131",
    isbn="978-3-642-31057-7"
}


@article{wei2022free,
  title={Free lunch for testing: Fuzzing deep-learning libraries from open source},
  author={Wei, Anjiang and Deng, Yinlin and Yang, Chenyuan and Zhang, Lingming},
  journal={ICSE},
  year={2022}
}